@book{Kolmogorov,
    title = {Introductory real analysis},
    keywords = {book.mathtext},
    author = {Kolmogorov, A. N. and Fomin, S. V.},
    publisher = {Dover},
    year = {1975},
}